<?xml version='1.0' encoding='UTF-8'?>
<record xmlns="http://www.loc.gov/MARC21/slim">
  <leader>01284cam a22003135  4500</leader>
  <controlfield tag="001">2835827</controlfield>
  <controlfield tag="003">NjP</controlfield>
  <controlfield tag="005">20171019170515.0</controlfield>
  <controlfield tag="008">991207s1956    iq            000 0 ara d</controlfield>
  <datafield tag="024" ind1="7" ind2=" ">
    <subfield code="a">princeton_aco003164</subfield>
    <subfield code="2">local</subfield>
  </datafield>
  <datafield ind1=" " ind2=" " tag="035">
    <subfield code="a">(OCoLC)ocn178142471</subfield>
  </datafield>
  <datafield ind1=" " ind2=" " tag="035">
    <subfield code="a">(OCoLC)ocm42945860</subfield>
  </datafield>
  <datafield ind1=" " ind2=" " tag="040">
    <subfield code="a">PUL</subfield>
    <subfield code="c">PUL</subfield>
    <subfield code="d">PUL</subfield>
  </datafield>
  <datafield ind1=" " ind2=" " tag="035">
    <subfield code="a">(OCoLC)178142471</subfield>
  </datafield>
  <datafield ind1=" " ind2=" " tag="035">
    <subfield code="9">CNR8395TS</subfield>
  </datafield>
  <datafield ind1=" " ind2=" " tag="035">
    <subfield code="a">(NjP)2835827</subfield>
  </datafield>
  <datafield ind1=" " ind2=" " tag="079">
    <subfield code="a">ocm42945860</subfield>
  </datafield>
  <datafield ind1=" " ind2=" " tag="049">
    <subfield code="a">PULL</subfield>
  </datafield>
  <datafield ind1="1" ind2=" " tag="100">
    <subfield code="6">880-01</subfield>
    <subfield code="a">Shīrāzī, Muḥammad al-Mahdī al-Ḥusaynī.</subfield>
  </datafield>
  <datafield ind1="1" ind2="3" tag="245">
    <subfield code="6">880-02</subfield>
    <subfield code="a">al-Muqaddimāt.</subfield>
    <subfield code="b">Ashrafa ʻalā taṣḥīḥihi wa-ṭabʻihi wa-nashrihi Muḥammad Ḥusayn al-Aʻlamī al-Ḥāʼirī.</subfield>
  </datafield>
  <datafield ind1=" " ind2=" " tag="260">
    <subfield code="6">880-03</subfield>
    <subfield code="a">al-Najaf,</subfield>
    <subfield code="b">Maṭbaʻat al-Nuʻmān,</subfield>
    <subfield code="c">1956.</subfield>
  </datafield>
  <datafield ind1=" " ind2=" " tag="300">
    <subfield code="a">264 p.</subfield>
    <subfield code="c">24 cm.</subfield>
  </datafield>
  <datafield ind1=" " ind2=" " tag="546">
    <subfield code="a">In Arabic.</subfield>
  </datafield>
  <datafield ind1="1" ind2=" " tag="700">
    <subfield code="6">880-04</subfield>
    <subfield code="a">Aʻlamī, Muḥammad Ḥusayn,</subfield>
    <subfield code="d">1902-</subfield>
    <subfield code="e">editor.</subfield>
    <subfield code="0">http://id.loc.gov/authorities/names/n80022868</subfield>
  </datafield>
  <datafield ind1="1" ind2=" " tag="880">
    <subfield code="6">100-01/r</subfield>
    <subfield code="a">شيرازي، محمد المهدي الحسيني.</subfield>
  </datafield>
  <datafield ind1="1" ind2="2" tag="880">
    <subfield code="6">245-02/r</subfield>
    <subfield code="a">المقدمات.</subfield>
    <subfield code="b">اشرف علا تصحيحه وطبعه ونشره محمد حسين الاعلمي الحائري.</subfield>
  </datafield>
  <datafield ind1=" " ind2=" " tag="880">
    <subfield code="6">260-03/r</subfield>
    <subfield code="a">النجف،</subfield>
    <subfield code="b">مطبعة النعمان،</subfield>
    <subfield code="c">1956.</subfield>
  </datafield>
  <datafield ind1="1" ind2=" " tag="880">
    <subfield code="6">700-04/r</subfield>
    <subfield code="a">اعلمي، محمد حسين،</subfield>
    <subfield code="d">1902-</subfield>
    <subfield code="e">ed.</subfield>
  </datafield>
  <datafield ind1=" " ind2=" " tag="911">
    <subfield code="a">20000220</subfield>
  </datafield>
  <datafield ind1=" " ind2=" " tag="994">
    <subfield code="a">C0</subfield>
    <subfield code="b">PUL</subfield>
  </datafield>
  <datafield ind1=" " ind2=" " tag="999">
    <subfield code="a">2835827</subfield>
  </datafield>
  <datafield ind1="0" ind2="0" tag="852">
    <subfield code="0">3148308</subfield>
    <subfield code="b">rcppa</subfield>
    <subfield code="t">1</subfield>
    <subfield code="h">BP192.3</subfield>
    <subfield code="i">.S557 1956</subfield>
    <subfield code="x">tr fr nec</subfield>
  </datafield>
  <datafield ind1=" " ind2=" " tag="959">
    <subfield code="a">2009-07-02 08:36:17 -0400</subfield>
  </datafield>
</record>
